@inproceedings{gendart2025magic,
  title={Towards Generalized Defensing Against the Dark Arts Spells},
  author={P.Harry, A.Dumbledor},
  booktitle={Proceedings of ACM Conference of Magic, Hogwarts Owlery, England.},
  pages={1515--1525},
  year={2025}
}
@inproceedings{rethink2025magic,
  title={Rethinking Defensing Against the Dark Arts Spells},
  author={P.Harry, A.Dumbledor},
  booktitle={Proceedings of ACM Conference of Magic, Hogwarts Owlery, England.},
  pages={1515--1525},
  year={2025}
}

@inproceedings{pushlimits2025magic,
  title={Pushing the Limits of Defensing Against the Dark Arts Spells},
  author={P.Harry, A.Dumbledor},
  booktitle={Proceedings of ACM Conference of Magic, Hogwarts Owlery, England.},
  pages={1526--1536},
  year={2025}
}

@inproceedings{reductorcurse2025magic,
  title={Defensing Against the Dark Arts Spells based on Reductor Curse},
  author={P.Harry, A.Dumbledor},
  booktitle={Proceedings of ACM Conference of Magic, Hogwarts Owlery, England.},
  pages={1537--1547},
  year={2025}
}

@inproceedings{survey2025magic,
  title={A Survey of Defensing Against the Dark Arts Spells},
  author={P.Harry, A.Dumbledor},
  booktitle={Proceedings of ACM Conference of Magic, Hogwarts Owlery, England.},
  pages={1548--1558},
  year={2025}
}